@article{tobler1970computer,
  title={A computer movie simulating urban growth in the Detroit region},
  author={Tobler, Waldo R},
  journal={{Economic Geography}},
  volume={46},
  number={sup1},
  pages={234--240},
  year={1970},
  publisher={Taylor \& Francis}
}


@article{vaswani2017attention,
  title={Attention is all you need},
  author={Vaswani, Ashish and Shazeer, Noam and Parmar, Niki and Uszkoreit, Jakob and Jones, Llion and Gomez, Aidan N and Kaiser, {\L}ukasz and Polosukhin, Illia},
  journal={{Advances in Neural Information Processing Systems}},
  volume={30},
  year={2017}
}

@article{ba2016layer,
  title={Layer normalization},
  author={Ba, Jimmy Lei and Kiros, Jamie Ryan and Hinton, Geoffrey E},
  journal={{arXiv preprint arXiv:1607.06450}},
  year={2016}
}

@article{das2019smap,
  title={The SMAP and Copernicus Sentinel 1A/B microwave active-passive high resolution surface soil moisture product},
  author={Das, Narendra N and Entekhabi, Dara and Dunbar, R Scott and Chaubell, Mario J and Colliander, Andreas and Yueh, Simon and Jagdhuber, Thomas and Chen, Fan and Crow, Wade and O'Neill, Peggy E and others},
  journal={{Remote Sensing of Environment}},
  volume={233},
  pages={111380},
  year={2019},
  publisher={Elsevier}
}

@article{o2021smap,
  title={SMAP enhanced L3 radiometer global and polar grid daily 9 km ease-grid soil moisture version 5},
  author={Oâ€™Neill, PE and Chan, S and Njoku, EG and Jackson, T and Bindlish, R and Chaubell, J and Colliander, A},
  journal={{NASA National Snow and Ice Data Center DAAC, Boulder, CO, USA}},
  year={2021}
}

@article{das2019smap,
  title={SMAP/Sentinel-1 L2 Radiometer/Radar 30-Second Scene 3 km EASE-Grid Soil Moisture-Global},
  author={Das, Narendra N and Entekhabi, Dara and Dunbar, Scott and Kim, Seung-Bum and Yueh, Simon and Colliander, Andreas and O'Neill, Peggy and Jackson, Thomas J and Jagdhuber, Thomas and Chen, Fan and others},
  year={2019}
}

@article{brodzik2012ease,
  title={EASE-Grid 2.0: Incremental but significant improvements for Earth-gridded data sets},
  author={Brodzik, Mary J and Billingsley, Brendan and Haran, Terry and Raup, Bruce and Savoie, Matthew H},
  journal={{ISPRS International Journal of Geo-Information}},
  volume={1},
  number={1},
  pages={32--45},
  year={2012},
  publisher={MDPI}
}

@misc{thornton1840daymet,
  title={Daymet: daily surface weather data on a 1-km grid for North America, Version 4. ORNL DAAC, Oak Ridge, Tennessee, USA},
  author={Thornton, MM and Shrestha, R and Wei, Y and Thornton, PE and Kao, S and Wilson, BE},
  year={1840}
}

@article{hengl2018clay,
  title={Clay Content in\%(kg/kg) at 6 Standard Depths (0, 10, 30, 60, 100 and 200 cm) at 250 m Resolution (v0. 2)[Data Set]},
  author={Hengl, Tomislav},
  journal={{Zenodo. Available online: https://zenodo. org/record/2525663\#. Y-7VR2lByUk (accessed on 10 October 2022)}},
  year={2018}
}

@article{farr2007shuttle,
  title={The shuttle radar topography mission},
  author={Farr, Tom G and Rosen, Paul A and Caro, Edward and Crippen, Robert and Duren, Riley and Hensley, Scott and Kobrick, Michael and Paller, Mimi and Rodriguez, Ernesto and Roth, Ladislav and others},
  journal={{Reviews of Geophysics}},
  volume={45},
  number={2},
  year={2007},
  publisher={Wiley Online Library}
}

@article{friedl2022modis,
  title={MODIS/Terra+ Aqua Land Cover Type Yearly L3 Global 500m SIN Grid V061},
  author={Friedl, M and Sulla-Menashe, D},
  journal={{NASA EOSDIS Land Processes DAAC: Sioux Falls, SD, USA}},
  year={2022}
}

@article{caldwell2019texas,
  title={The Texas soil observation network: A comprehensive soil moisture dataset for remote sensing and land surface model validation},
  author={Caldwell, Todd G and Bongiovanni, Tara and Cosh, Michael H and Jackson, Thomas J and Colliander, Andreas and Abolt, Charles J and Casteel, Richard and Larson, Toti and Scanlon, Bridget R and Young, Michael H},
  journal={{Vadose Zone Journal}},
  volume={18},
  number={1},
  pages={1--20},
  year={2019},
  publisher={Wiley Online Library}
}

@article{mao2019gap,
  title={Gap filling of high-resolution soil moisture for SMAP/sentinel-1: a two-layer machine learning-based framework},
  author={Mao, Hanzi and Kathuria, Dhruva and Duffield, Nick and Mohanty, Binayak P},
  journal={{Water Resources Research}},
  volume={55},
  number={8},
  pages={6986--7009},
  year={2019},
  publisher={Wiley Online Library}
}

@article{cao2018brits,
  title={Brits: Bidirectional recurrent imputation for time series},
  author={Cao, Wei and Wang, Dong and Li, Jian and Zhou, Hao and Li, Lei and Li, Yitan},
  journal={{Advances in Neural Information Processing Systems}},
  volume={31},
  year={2018}
}

@article{du2023saits,
  title={Saits: Self-attention-based imputation for time series},
  author={Du, Wenjie and C{\^o}t{\'e}, David and Liu, Yan},
  journal={{Expert Systems with Applications}},
  volume={219},
  pages={119619},
  year={2023},
  publisher={Elsevier}
}


@article{tashiro2021csdi,
  title={Csdi: Conditional score-based diffusion models for probabilistic time series imputation},
  author={Tashiro, Yusuke and Song, Jiaming and Song, Yang and Ermon, Stefano},
  journal={{Advances in Neural Information Processing Systems}},
  volume={34},
  pages={24804--24816},
  year={2021}
}

@inproceedings{zerveas2021transformer,
  title={A transformer-based framework for multivariate time series representation learning},
  author={Zerveas, George and Jayaraman, Srideepika and Patel, Dhaval and Bhamidipaty, Anuradha and Eickhoff, Carsten},
  booktitle={{Proceedings of the 27th ACM SIGKDD conference on knowledge discovery \& data mining}},
  pages={2114--2124},
  year={2021}
}


@article{cini2021filling,
  title={Filling the g\_ap\_s: Multivariate time series imputation by graph neural networks},
  author={Cini, Andrea and Marisca, Ivan and Alippi, Cesare},
  journal={{arXiv preprint arXiv:2108.00298}},
  year={2021}
}

@article{marisca2022learning,
  title={Learning to reconstruct missing data from spatiotemporal graphs with sparse observations},
  author={Marisca, Ivan and Cini, Andrea and Alippi, Cesare},
  journal={{Advances in Neural Information Processing Systems}},
  volume={35},
  pages={32069--32082},
  year={2022}
}

@article{nejad2023sert,
  title={SERT: A Transfomer Based Model for Spatio-Temporal Sensor Data with Missing Values for Environmental Monitoring},
  author={Nejad, Amin Shoari and Alaiz-Rodr{\'\i}guez, Roc{\'\i}o and McCarthy, Gerard D and Kelleher, Brian and Grey, Anthony and Parnell, Andrew},
  journal={{arXiv preprint arXiv:2306.03042}},
  year={2023}
}

@inproceedings{liu2021swin,
  title={Swin transformer: Hierarchical vision transformer using shifted windows},
  author={Liu, Ze and Lin, Yutong and Cao, Yue and Hu, Han and Wei, Yixuan and Zhang, Zheng and Lin, Stephen and Guo, Baining},
  booktitle={{Proceedings of the IEEE/CVF international conference on computer vision}},
  pages={10012--10022},
  year={2021}
}


@article{white2011multiple,
  title={Multiple imputation using chained equations: issues and guidance for practice},
  author={White, Ian R and Royston, Patrick and Wood, Angela M},
  journal={{Statistics in Medicine}},
  volume={30},
  number={4},
  pages={377--399},
  year={2011},
  publisher={Wiley Online Library}
}

@article{kingma2014adam,
  title={Adam: A method for stochastic optimization},
  author={Kingma, Diederik P and Ba, Jimmy},
  journal={{arXiv preprint arXiv:1412.6980}},
  year={2014}
}

@article{breiman2001random,
  title={Random forests},
  author={Breiman, Leo},
  journal={{Machine Learning}},
  volume={45},
  pages={5--32},
  year={2001},
  publisher={Springer}
}

@article{moritz2017imputets,
  title={imputeTS: time series missing value imputation in R.},
  author={Moritz, Steffen and Bartz-Beielstein, Thomas},
  journal={{R J.}},
  volume={9},
  number={1},
  pages={207},
  year={2017}
}


@article{paszke2019pytorch,
  title={Pytorch: An imperative style, high-performance deep learning library},
  author={Paszke, Adam and Gross, Sam and Massa, Francisco and Lerer, Adam and Bradbury, James and Chanan, Gregory and Killeen, Trevor and Lin, Zeming and Gimelshein, Natalia and Antiga, Luca and others},
  journal={{Advances in Neural Information Processing Systems}},
  volume={32},
  year={2019}
}

@article{yildiz2022multivariate,
  title={Multivariate time series imputation with transformers},
  author={Y{\i}ld{\i}z, A Yark{\i}n and Ko{\c{c}}, Emirhan and Ko{\c{c}}, Aykut},
  journal={{IEEE Signal Processing Letters}},
  volume={29},
  pages={2517--2521},
  year={2022},
  publisher={IEEE}
}

@article{kornelsen2014comparison,
  title={Comparison of interpolation, statistical, and data-driven methods for imputation of missing values in a distributed soil moisture dataset},
  author={Kornelsen, Kurt and Coulibaly, Paulin},
  journal={{Journal of Hydrologic Engineering}},
  volume={19},
  number={1},
  pages={26--43},
  year={2014},
  publisher={American Society of Civil Engineers}
}


@article{dumedah2011evaluation,
  title={Evaluation of statistical methods for infilling missing values in high-resolution soil moisture data},
  author={Dumedah, Gift and Coulibaly, Paulin},
  journal={{Journal of Hydrology}},
  volume={400},
  number={1-2},
  pages={95--102},
  year={2011},
  publisher={Elsevier}
}


@inproceedings{silva2012predicting,
  title={Predicting in-hospital mortality of icu patients: The physionet/computing in cardiology challenge 2012},
  author={Silva, Ikaro and Moody, George and Scott, Daniel J and Celi, Leo A and Mark, Roger G},
  booktitle={{2012 Computing in Cardiology}},
  pages={245--248},
  year={2012},
  organization={IEEE}
}

@inproceedings{yi2016st,
  title={ST-MVL: filling missing values in geo-sensory time series data},
  author={Yi, Xiuwen and Zheng, Yu and Zhang, Junbo and Li, Tianrui},
  booktitle={{Proceedings of the 25th International Joint Conference on Artificial Intelligence}},
  year={2016}
}


@article{orth2012analysis,
  title={Analysis of soil moisture memory from observations in Europe},
  author={Orth, Ren{\'e} and Seneviratne, Sonia I},
  journal={{Journal of Geophysical Research: Atmospheres}},
  volume={117},
  number={D15},
  year={2012},
  publisher={Wiley Online Library}
}


@article{park2023long,
  title={Long-term missing value imputation for time series data using deep neural networks},
  author={Park, Jangho and M{\"u}ller, Juliane and Arora, Bhavna and Faybishenko, Boris and Pastorello, Gilberto and Varadharajan, Charuleka and Sahu, Reetik and Agarwal, Deborah},
  journal={{Neural Computing and Applications}},
  volume={35},
  number={12},
  pages={9071--9091},
  year={2023},
  publisher={Springer}
}


@article{elsaadani2021assessment,
  title={Assessment of a spatiotemporal deep learning approach for soil moisture prediction and filling the gaps in between soil moisture observations},
  author={ElSaadani, Mohamed and Habib, Emad and Abdelhameed, Ahmed M and Bayoumi, Magdy},
  journal={{Frontiers in artificial intelligence}},
  volume={4},
  pages={636234},
  year={2021},
  publisher={Frontiers Media SA}
}


@article{shi2015convolutional,
  title={Convolutional LSTM network: A machine learning approach for precipitation nowcasting},
  author={Shi, Xingjian and Chen, Zhourong and Wang, Hao and Yeung, Dit-Yan and Wong, Wai-Kin and Woo, Wang-chun},
  journal={{Advances in Neural Information Processing Systems}},
  volume={28},
  year={2015}
}


@article{krishnan2015deep,
  title={Deep kalman filters},
  author={Krishnan, Rahul G and Shalit, Uri and Sontag, David},
  journal={{arXiv preprint arXiv:1511.05121}},
  year={2015}
}

@inproceedings{fortuin2020gp,
  title={Gp-vae: Deep probabilistic time series imputation},
  author={Fortuin, Vincent and Baranchuk, Dmitry and R{\"a}tsch, Gunnar and Mandt, Stephan},
  booktitle={{International Conference on Artificial Intelligence and Statistics}},
  pages={1651--1661},
  year={2020},
  organization={PMLR}
}

@article{vergopolan2021smap,
  title={SMAP-HydroBlocks, a 30-m satellite-based soil moisture dataset for the conterminous US},
  author={Vergopolan, Noemi and Chaney, Nathaniel W and Pan, Ming and Sheffield, Justin and Beck, Hylke E and Ferguson, Craig R and Torres-Rojas, Laura and Sadri, Sara and Wood, Eric F},
  journal={{Scientific Data}},
  volume={8},
  number={1},
  pages={264},
  year={2021},
  publisher={Nature Publishing Group UK London}
}

@article{lecun1998gradient,
  title={Gradient-based learning applied to document recognition},
  author={LeCun, Yann and Bottou, L{\'e}on and Bengio, Yoshua and Haffner, Patrick},
  journal={{Proceedings of the IEEE}},
  volume={86},
  number={11},
  pages={2278--2324},
  year={1998},
  publisher={Ieee}
}

@article{poggio2021soilgrids,
  title={SoilGrids 2.0: producing soil information for the globe with quantified spatial uncertainty},
  author={Poggio, Laura and De Sousa, Luis M and Batjes, Niels H and Heuvelink, Gerard and Kempen, Bas and Ribeiro, Eloi and Rossiter, David},
  journal={{Soil}},
  volume={7},
  number={1},
  pages={217--240},
  year={2021},
  publisher={Copernicus GmbH}
}
